@misc{Bender,
  url       = {https://mathweb.ucsd.edu/~ebender/20B/77_Trap.pdf},
  journal   = {Section 7.7 deriving the Trapezoidal Rule Error},
  publisher = {University of California, San Diego},
  author    = {Bender, Ed}
} 
i@misc{Heck_Schut,
  title     = {Sowiso - Uva},
  url       = {https://uva.sowiso.nl/courses/theory/128/95/1604/en},
  journal   = {Truncation Error in the Trapezoidal Rule},
  publisher = {University of Amsterdan},
  author    = {Heck, Andre and Schut, Marthe}
} 
@misc{DeterminantStackOverflow,
  url       = {https://stackoverflow.com/a/24793341},
  journal   = {Complexity computation of a determinant recursive algorithm},
  publisher = {StackOverflow},
  author    = {AbcAeffchen},
  year      = {2014},
  month     = {Jul}
} 
@misc{lu_wikipedia,
  url       = {https://en.wikipedia.org/wiki/LU_decomposition#Using_Gaussian_elimination},
  journal   = {Wikipedia},
  publisher = {Wikimedia Foundation},
  year      = {2023},
  month     = {Oct}
} 
@article{Venit_1975,
  title   = {The Convergence of Jacobi and Gauss-Seidel
             Iteration},
  volume  = {48},
  number  = {3},
  journal = {Mathematics Magazine},
  author  = {Venit, Stewart},
  year    = {1975},
  month   = {May},
  pages   = {163â€“167}
} Accessed
here: https://www.jstor.org/stable/2689699?seq=2#page_scan_tab_contents